<?xml version="1.0" encoding="UTF-8"?><collection xmlns="http://www.loc.gov/MARC21/slim"><record><leader>00614nam--2200193-i-4500</leader><controlfield tag="001">000040840</controlfield><controlfield tag="002">20161230</controlfield><controlfield tag="005">20161230201042</controlfield><controlfield tag="008">060222s1000------------r-----000-0-rum-d</controlfield><datafield ind1=" " ind2=" " tag="040"><subfield code="a">IFIN-HH</subfield></datafield><datafield ind1=" " ind2=" " tag="041"><subfield code="a">rum</subfield></datafield><datafield ind1=" " ind2=" " tag="080"><subfield code="a">538.22:537.311.33:015</subfield></datafield><datafield ind1="1" ind2=" " tag="100"><subfield code="a">Schlett, Zeno</subfield></datafield><datafield ind1="1" ind2="0" tag="245"><subfield code="a">Contributii privind dispozitivele semiconductoare comandate negalvanic si aplicatiile lor</subfield><subfield code="b">Rezumat teza doctorat</subfield><subfield code="c">Zeno schlett</subfield></datafield><datafield ind1=" " ind2=" " tag="260"><subfield code="a">Timisoara</subfield><subfield code="b">Facultatea De Fizica</subfield><subfield code="c">1972</subfield></datafield><datafield ind1=" " ind2=" " tag="300"><subfield code="a">43P</subfield></datafield><datafield ind1=" " ind2=" " tag="502"><subfield code="a">Conducator Stiintific: Prof.Em.Dr. Petru Lamoth</subfield></datafield><datafield ind1=" " ind2=" " tag="852"><subfield code="a">37357</subfield><subfield code="c">537.311.33</subfield></datafield><datafield ind1=" " ind2=" " tag="CAT"><subfield code="a">Sys</subfield><subfield code="c">20110721</subfield><subfield code="h">143712</subfield></datafield></record></collection>